@BOOK{levenshtein,
    author = "Левенштейн, В. И.",
    title = "Двоичные коды с исправлением выпадений, вставок и замещений символов",
    publisher = "Доклады АН СССР",
    volume = 163,
    chapter = 4,
    pages = "845--848",
    language = "russian",
    year = 1965
}

@MISC{java,
    title = "Что такое технология Java и каково ее применение? [Электронный ресурс]",
    howpublished = "Режим доступа: \url{https://www.java.com/ru/download/help/whatis_java.html}",
    note = "Дата обращения: 21.09.2021"
}

@MISC{i5,
    title = "Процессор Intel® Core™ i5-3550 [Электронный ресурс]",
    howpublished = "Режим доступа: \url{https://ark.intel.com/content/www/ru/ru/ark/products/97150/intel-core-i57600-processor-6m-cache-up-to-4-10-ghz.html}",
    note = "Дата обращения: 21.09.2021"
}

@MISC{threadMXBean,
    title = "Interface ThreadMXBean [Электронный ресурс]",
    howpublished = "Режим доступа: \url{https://docs.oracle.com/javase/7/docs/api/java/lang/management/ThreadMXBean.html}",
    note = "Дата обращения: 21.09.2021"
}

@MISC{windows,
    title = "Сравните выпуски Windows 10 [Электронный ресурс]",
    howpublished = "Режим доступа: \url{https://www.microsoft.com/ru-ru/windows/compare-windows-10-home-vs-pro}",
    note = "Дата обращения: 21.09.2021"
}
