@MISC{i5,
	title = "Процессор Intel® Core™ i5-3550 [Электронный ресурс]",
	howpublished = "Режим доступа: \url{https://ark.intel.com/content/www/ru/ru/ark/products/97150/intel-core-i57600-processor-6m-cache-up-to-4-10-ghz.html}",
	note = "Дата обращения: 21.09.2021"
}

@MISC{windows,
	title = "Сравните выпуски Windows 10 [Электронный ресурс]",
	howpublished = "Режим доступа: \url{https://www.microsoft.com/ru-ru/windows/compare-windows-10-home-vs-pro}",
	note = "Дата обращения: 21.09.2021"
}

@MISC{1,
	title="Алгоритмы последовательного поиска [Электронный ресурс]",
	howpublished = "Режим доступа: \url{https://cyberpedia.su/9x4e62.html}",
	note= "Дата обращения: 18.12.2021."
}

@MISC{2,
	title="Бинарный поиск [Электронный ресурс]",
	howpublished="Режим доступа: \url{https://progcpp.ru/search-binary/}",
	note = "Дата обращения 18.12.2021"
}


@book{3,
	author="М. Вильямс",
	title="Д. К. Сортировка и поиск",
	year=2000
}

@MISC{4,
	title="Алгоритмы программирования [Электронный ресурс]",
	howpublished="Режим доступа: \url{https://otus.ru/nest/post/829/}",
	note="Дата обращения 18.12.2021"
}
