@MISC{java,
	title = "Что такое технология Java и каково ее применение? [Электронный ресурс]",
	howpublished = "Режим доступа: \url{https://www.java.com/ru/download/help/whatis_java.html}",
	note = "Дата обращения: 21.09.2021"
}

@MISC{i5,
	title = "Процессор Intel® Core™ i5-3550 [Электронный ресурс]",
	howpublished = "Режим доступа: \url{https://ark.intel.com/content/www/ru/ru/ark/products/97150/intel-core-i57600-processor-6m-cache-up-to-4-10-ghz.html}",
	note = "Дата обращения: 21.09.2021"
}

@MISC{threadMXBean,
	title = "Interface ThreadMXBean [Электронный ресурс]",
	howpublished = "Режим доступа: \url{https://docs.oracle.com/javase/7/docs/api/java/lang/management/ThreadMXBean.html}",
	note = "Дата обращения: 21.09.2021"
}

@MISC{windows,
	title = "Сравните выпуски Windows 10 [Электронный ресурс]",
	howpublished = "Режим доступа: \url{https://www.microsoft.com/ru-ru/windows/compare-windows-10-home-vs-pro}",
	note = "Дата обращения: 21.09.2021"
}

@MISC{python,
	title = "About Python [Электронный ресурс]",
	howpublished = "Режим доступа: \url{https://www.python.org/about/}",
	note = "Дата обращения: 03.10.2021"
}

@article{
	Nemirovsky,
	author="Mario Nemirovsky, Dean M. Tullsen",
	title="Multithreading Architecture",
	journal="Morgan and Claypool Publishers",
	language="english",
	year=2013
}

@article{
	Olukotun,
	author="Kunle Olukotun",
	title="Chip Multiprocessor Architecture — Techniques to Improve Throughput and Latency",
	journal="Morgan and Claypool Publishers",
	pages="154",
	language="english",
	year=2007
}