@MISC{java,
	title = "Что такое технология Java и каково ее применение? [Электронный ресурс]",
	howpublished = "Режим доступа: \url{https://www.java.com/ru/download/help/whatis_java.html}",
	note = "Дата обращения: 21.09.2021"
}

@MISC{i5,
	title = "Процессор Intel® Core™ i5-3550 [Электронный ресурс]",
	howpublished = "Режим доступа: \url{https://ark.intel.com/content/www/ru/ru/ark/products/97150/intel-core-i57600-processor-6m-cache-up-to-4-10-ghz.html}",
	note = "Дата обращения: 21.09.2021"
}

@MISC{threadMXBean,
	title = "Interface ThreadMXBean [Электронный ресурс]",
	howpublished = "Режим доступа: \url{https://docs.oracle.com/javase/7/docs/api/java/lang/management/ThreadMXBean.html}",
	note = "Дата обращения: 21.09.2021"
}

@MISC{windows,
	title = "Сравните выпуски Windows 10 [Электронный ресурс]",
	howpublished = "Режим доступа: \url{https://www.microsoft.com/ru-ru/windows/compare-windows-10-home-vs-pro}",
	note = "Дата обращения: 21.09.2021"
}

@article{
	CoppersmithAndWinograd,
	author="Don Coppersmith and Shmuel Winograd",
	title="Matrix multiplication via arithmetic progressions",
	journal="Journal of Symbolic Computation",
	number=9,
	pages="251--280",
	language="english",
	year=1990,
}

@article{
	RobinsonSara,
	author="Robinson, Sara",
	title="Toward an Optimal Algorithm for Matrix Multiplication",
	journal="SIAM News",
	volume=38,
	number=9,
	language="english",
	year=2005,
	month="November"
}

@article{
	Strassen,
	author="Strassen, Volker",
	title="Gaussian Elimination is not Optimal",
	journal="Numerische Mathematik",
	volume=13,
	number=9,
	pages="354--356",
	language="english",
	year=2005
}