@MISC{python,
	title = "About Python [Электронный ресурс]",
	howpublished = "Режим доступа: \url{https://www.python.org/about/}",
	note = "Дата обращения: 13.10.2021"
}

@MISC{i5,
	title = "Процессор Intel® Core™ i5-3550 [Электронный ресурс]",
	howpublished = "Режим доступа: \url{https://ark.intel.com/content/www/ru/ru/ark/products/97150/intel-core-i57600-processor-6m-cache-up-to-4-10-ghz.html}",
	note = "Дата обращения: 21.09.2021"
}

@MISC{windows,
	title = "Сравните выпуски Windows 10 [Электронный ресурс]",
	howpublished = "Режим доступа: \url{https://www.microsoft.com/ru-ru/windows/compare-windows-10-home-vs-pro}",
	note = "Дата обращения: 21.09.2021"
}

@MISC{resource,
	title = "resource — Resource usage information - Python 3.11.0a0 documentation",
	howpublished = "Режим доступа: \url{https://docs.python.org/dev/library/resource.html?highlight=resources}",
	note = "Дата обращения: 13.10.2021"
} 

@MISC{SortAlgorithms,
	title = "Алгоритмы сортировки",
	howpublished = "Режим доступа: \url{https://markoutte.me/students/sort-algos/selection-sort}",
	note = "Дата обращения: 13.10.2021"
} 

@MISC{Shaker,
	title = "Шейкерная сортировка, JavaScript",
	howpublished = "Режим доступа: \url{https://medium.com/@alivander/javascript-a2b8af562ee}",
	note = "Дата обращения: 13.10.2021"
} 

@MISC{Selection,
	title = "Алгоритмы сортировки в теории и на практике",
	howpublished = "Режим доступа: \url{https://javarush.ru/groups/posts/1997-algoritmih-sortirovki-v-teorii-i-na-praktike}",
	note = "Дата обращения: 13.10.2021"
} 

@MISC{Shell,
	title = "Сортировка Шелла (SHELL SORT)",
	howpublished = "Режим доступа: \url{https://forkettle.ru/vidioteka/programmirovanie-i-set/algoritmy-i-struktury-dannykh/108-sortirovka-i-poisk-dlya-chajnikov/1008-sortirovka-shella}",
	note = "Дата обращения: 13.10.2021"
} 

@MISC{ShellEff,
	title = "Shekk Sort Algorithm",
	howpublished = "Режим доступа: \url{https://www.mycplus.com/featured-articles/shell-sort-algorithm/}",
	note = "Дата обращения: 15.10.2021"
} 
@BOOK{ulanov,
	author = "Ульянов М.В.",
	title = "Ресурсо-эффективные компьютерные алгоритмы",
	publisher = "М: Наука Физматлит",
	volume = 376,
	chapter = 2,
	pages = "52--73",
	language = "russian",
	year = 2007
}
