@MISC{i5,
	title = "Процессор Intel® Core™ i5-3550 [Электронный ресурс]",
	howpublished = "Режим доступа: \url{https://ark.intel.com/content/www/ru/ru/ark/products/97150/intel-core-i57600-processor-6m-cache-up-to-4-10-ghz.html}",
	note = "Дата обращения: 21.09.2021"
}

@MISC{windows,
	title = "Сравните выпуски Windows 10 [Электронный ресурс]",
	howpublished = "Режим доступа: \url{https://www.microsoft.com/ru-ru/windows/compare-windows-10-home-vs-pro}",
	note = "Дата обращения: 21.09.2021"
}

@MISC{1,
	title="Галяутдинов Р.Р. Задача коммивояжера - метод ветвей и границ [Электронный ресурс]",
	howpublished = "Режим доступа: \url{http://galyautdinov.ru/post/zadacha-kommivoyazhera}",
	note= "Дата обращения: 15.12.2021."
}

@MISC{2,
	title="Муравьинные алгоритмы [Электронный ресурс]",
	howpublished="Режим доступа: \url{http://www.machinelearning.ru/wiki/index.php?title=Муравьиные\_алгоритмы}",
	note = "Дата обращения 15.12.2021"
}


@book{3,
	author="М.В. Ульянов",
	title="Ресурсно эффективные алгоритмы. Разработка и анализ",
	publisher="//Наука Физматлит - Москва",
	year=2007,
	pages=387
}

@MISC{4,
	title="Исследование эвристических методов решения
	задачи коммивояжера [Электронный ресурс]",
	howpublished="Режим доступа: \url{https://dspace.spbu.ru/bitstream/11701/4478/1/DIPLOM.pdf}",
	note="Дата обращения 15.12.2021"
}

@MISC{cpp,
	title="Документация с++. [Электронный ресурс]",
	howpublished="Режим доступа:\url{https://en.cppreference.com/w/}",
	note="Дата обращения 15.12.2021"
}